@online{
    cogniflow,
    title = {Cogniflow: No-code AI platform},
    year = {2022},
    howpublished = {\url{https://www.cogniflow.ai/}}
}

@online{
    gretel,
    title = {Gretel: The synthetic data platform for developers},
    year = {2019},
    howpublished = {\url{https://www.gretel.ai/}}
}

@online{
    runwayml,
    title = {Runway: Advancing creativity with artificial intelligence.},
    year = {2023},
    howpublished = {\url{https://runwayml.com/}}
}

@online{
    stabilityai,
    title = {Stability AI: AI by the people for the people},
    year = {2023},
    howpublished = {\url{https://stability.ai/}}
}

@article{
    goodfellow,
    author = {Goodfellow, I. and Pouget-Abadie, J. and Mirza, M. and Xu, B. and Warde-Farley, D. and Ozair, S. and Courville, A. C. and Bengio, Y.},
    title = {Generative Adversarial Networks},
    journal = {CoRR},
    volume = {abs/1406.2661},
    year = {2014},
    archivePrefix = {arXiv},
    eprint = {1406.2661},
}

@article{
    shorten,
    author = {Shorten, C. and Khoshgoftaar, T. M.},
    title = {A survey on Image Data Augmentation for Deep Learning},
    journal = {Journal of Big Data},
    volume = {6},
    pages = {1--48},
    year = {2019},
}

@article{
    sundaram,
    author = {Sundaram, S. and Hulkund, N.},
    title = {GAN-based Data Augmentation for Chest X-ray Classification},
    journal = {CoRR},
    volume = {abs/2107.02970},
    year = {2021},
    archivePrefix = {arXiv},
    eprint = {2107.02970},
}

@article{
    neumoconiosis_paper,
    author = {Hao, C. and Jin, N. and Qiu, C. and Ba, K. and Wang, X. and Zhang, H. and Zhao, Q. and Huang, B.},
    title = {Balanced Convolutional Neural Networks for Pneumoconiosis Detection},
    journal = {International Journal of Environmental Research and Public Health},
    volume = {18},
    number = {17},
    pages = {9091},
    year = {2021},
    doi = {10.3390/ijerph18179091},
    PMID = {34501684},
    PMCID = {PMC8431598},
}

@inproceedings{nih_chest_xrays_paper,
	doi = {10.1109/cvpr.2017.369},
	url = {https://doi.org/10.1109%2Fcvpr.2017.369},
	year = 2017,
	month = {jul},
	publisher = {{IEEE}},  
	author = {Xiaosong Wang and Yifan Peng and Le Lu and Zhiyong Lu and Mohammadhadi Bagheri and Ronald M. Summers},
	title = {{ChestX}-Ray8: Hospital-Scale Chest X-Ray Database and Benchmarks on Weakly-Supervised Classification and Localization of Common Thorax Diseases},
	booktitle = {2017 {IEEE} Conference on Computer Vision and Pattern Recognition ({CVPR})}
}

@misc{
    balaji2023ediffi,
    title={eDiff-I: Text-to-Image Diffusion Models with an Ensemble of Expert Denoisers}, 
    author={Yogesh Balaji and Seungjun Nah and Xun Huang and Arash Vahdat and Jiaming Song and Qinsheng Zhang and Karsten Kreis and Miika Aittala and Timo Aila and Samuli Laine and Bryan Catanzaro and Tero Karras and Ming-Yu Liu},
    year={2023},
    eprint={2211.01324},
    archivePrefix={arXiv},
    primaryClass={cs.CV}
}

@inproceedings{glide,
  title = 	 {{GLIDE}: Towards Photorealistic Image Generation and Editing with Text-Guided Diffusion Models},
  author =       {Nichol, Alexander Quinn and Dhariwal, Prafulla and Ramesh, Aditya and Shyam, Pranav and Mishkin, Pamela and Mcgrew, Bob and Sutskever, Ilya and Chen, Mark},
  booktitle = 	 {Proceedings of the 39th International Conference on Machine Learning},
  pages = 	 {16784--16804},
  year = 	 {2022},
  editor = 	 {Chaudhuri, Kamalika and Jegelka, Stefanie and Song, Le and Szepesvari, Csaba and Niu, Gang and Sabato, Sivan},
  volume = 	 {162},
  series = 	 {Proceedings of Machine Learning Research},
  month = 	 {17--23 Jul},
  publisher =    {PMLR},
  pdf = 	 {https://proceedings.mlr.press/v162/nichol22a/nichol22a.pdf},
  url = 	 {https://proceedings.mlr.press/v162/nichol22a.html}
}


@misc{
    dalle2,
    title={Hierarchical Text-Conditional Image Generation with CLIP Latents}, 
    author={Aditya Ramesh and Prafulla Dhariwal and Alex Nichol and Casey Chu and Mark Chen},
    year={2022},
    eprint={2204.06125},
    archivePrefix={arXiv},
    publisher={arXiv},
    url = {https://arxiv.org/abs/2204.06125},
    primaryClass={cs.CV}
}

@misc{
    imagen,
    title={Photorealistic Text-to-Image Diffusion Models with Deep Language Understanding}, 
    author={Chitwan Saharia and William Chan and Saurabh Saxena and Lala Li and Jay Whang and Emily Denton and Seyed Kamyar Seyed Ghasemipour and Burcu Karagol Ayan and S. Sara Mahdavi and Rapha Gontijo Lopes and Tim Salimans and Jonathan Ho and David J Fleet and Mohammad Norouzi},
    year={2022},
    eprint={2205.11487},
    archivePrefix={arXiv},
    primaryClass={cs.CV}
}

@InProceedings{stable_diffusion,
    author    = {Rombach, Robin and Blattmann, Andreas and Lorenz, Dominik and Esser, Patrick and Ommer, Bj\"orn},
    title     = {High-Resolution Image Synthesis With Latent Diffusion Models},
    booktitle = {Proceedings of the IEEE/CVF Conference on Computer Vision and Pattern Recognition (CVPR)},
    month     = {June},
    year      = {2022},
    pages     = {10684-10695}
}

@misc{
    midjourney,
    title={The Creativity of Text-to-Image Generation}, 
    author={Jonas Oppenländer},
    year={2022},
    eprint={2206.02904},
    archivePrefix={arXiv},
    primaryClass={cs.HC}
}

@inproceedings{
    he2023synthetic,
    title={{IS} {SYNTHETIC} {DATA} {FROM} {GENERATIVE} {MODELS} {READY} {FOR} {IMAGE} {RECOGNITION}?},
    author={Ruifei He and Shuyang Sun and Xin Yu and Chuhui Xue and Wenqing Zhang and Philip Torr and Song Bai and XIAOJUAN QI},
    booktitle={The Eleventh International Conference on Learning Representations },
    year={2023},
    url={https://openreview.net/forum?id=nUmCcZ5RKF}
}

@misc{trabucco2023effective,
  doi = {10.48550/ARXIV.2302.07944},
  url = {https://arxiv.org/abs/2302.07944},
  author = {Trabucco, Brandon and Doherty, Kyle and Gurinas, Max and Salakhutdinov, Ruslan},
  keywords = {Computer Vision and Pattern Recognition (cs.CV), Artificial Intelligence (cs.AI), FOS: Computer and information sciences, FOS: Computer and information sciences},
  title = {Effective Data Augmentation With Diffusion Models},
  publisher = {arXiv},
  year = {2023},
  copyright = {arXiv.org perpetual, non-exclusive license}
}

@misc{
    azizi2023synthetic,
    title={Synthetic Data from Diffusion Models Improves ImageNet Classification}, 
    author={Shekoofeh Azizi and Simon Kornblith and Chitwan Saharia and Mohammad Norouzi and David J. Fleet},
    year={2023},
    eprint={2304.08466},
    publisher={arXiv},
    url = {https://arxiv.org/abs/2304.08466},
    primaryClass={cs.CV}
}

@misc{chambon2022roentgen,
  doi = {10.48550/ARXIV.2211.12737},
  url = {https://arxiv.org/abs/2211.12737},
  author = {Chambon, Pierre and Bluethgen, Christian and Delbrouck, Jean-Benoit and Van der Sluijs, Rogier and Połacin, Małgorzata and Chaves, Juan Manuel Zambrano and Abraham, Tanishq Mathew and Purohit, Shivanshu and Langlotz, Curtis P. and Chaudhari, Akshay},
  keywords = {Computer Vision and Pattern Recognition (cs.CV), Artificial Intelligence (cs.AI), Computation and Language (cs.CL), Machine Learning (cs.LG), FOS: Computer and information sciences, FOS: Computer and information sciences},
  title = {RoentGen: Vision-Language Foundation Model for Chest X-ray Generation},
  publisher = {arXiv},
  year = {2022},
  archivePrefix={arXiv},
  primaryClass={cs.CV},
  copyright = {arXiv.org perpetual, non-exclusive license}
}

@inproceedings{
karras_pggan,
title={Progressive Growing of {GAN}s for Improved Quality, Stability, and Variation},
author={Tero Karras and Timo Aila and Samuli Laine and Jaakko Lehtinen},
booktitle={International Conference on Learning Representations},
year={2018},
url={https://openreview.net/forum?id=Hk99zCeAb},
}

@inproceedings{
lora,
title={Lo{RA}: Low-Rank Adaptation of Large Language Models},
author={Edward J Hu and yelong shen and Phillip Wallis and Zeyuan Allen-Zhu and Yuanzhi Li and Shean Wang and Lu Wang and Weizhu Chen},
booktitle={International Conference on Learning Representations},
year={2022},
url={https://openreview.net/forum?id=nZeVKeeFYf9}
}


@online{
    proganpytorch, 
    title={pro\_gan\_pytorch}, 
    author={Animesh Karnewar}, 
    year={2020}, 
    url={https://github.com/akanimax/pro\_gan\_pytorch}
}

@misc{
    hyperdreambooth_implementation, 
    title={HyperKohaku}, 
    author={KohakuBlueleaf}, 
    year={2023}, 
    url={https://github.com/KohakuBlueleaf/HyperKohaku}
}

@misc{
    brain_mri_dataset,
	title={Brain Tumor MRI Dataset},
	url={https://www.kaggle.com/dsv/2645886},
	DOI={10.34740/KAGGLE/DSV/2645886},
	publisher={Kaggle},
	author={Msoud Nickparvar},
	year={2021}
}

@misc{
    diabetic_retinopathy_dataset,
	author = {Rath, Sovit Ranjan},
	title = {Diabetic Retinopathy 224x224 Gaussian Filtered},
	url = {https://www.kaggle.com/datasets/sovitrath/diabetic-retinopathy-224x224-gaussian-filtered},
	year = {2020},
}

@online{
    huggingfaceImagetoImageGeneration,
	title = {Image-to-Image Generation},
        author = {Hugging{\space}Face},
	url = {https://huggingface.co/docs/diffusers/api/pipelines/stable_diffusion/img2img},
	year = {2023},
	note = {[Accessed 01-07-2023]},
}

@online{
    huggingfaceTexttoImageGeneration,
	title = {Text-to-Image Generation},
        author = {{Hugging}{\space}{Face}},
	url = {https://huggingface.co/docs/diffusers/api/pipelines/stable_diffusion/text2img},
	year = {2023},
	note = {[Accessed 01-07-2023]},
}

@online{
    Runwaymlstablediffusionv15Hugging,
	title = {runwayml/stable-diffusion-v1-5},
        author = {Hugging{\space}Face},
	url = {https://huggingface.co/runwayml/stable-diffusion-v1-5},
	note = {[Accessed 01-07-2023]},
}

@online{
    StabilityAIstablediffusionv21Hugging,
	author = {StabilityAI},
	title = {stabilityai/stable-diffusion-2-1},
	url = {https://huggingface.co/stabilityai/stable-diffusion-2-1},
	year = {2023},
	note = {[Accessed 01-07-2023]},
}

@online{
    StabilityAIstablediffusionXLHugging,
	author = {StabilityAI},
	title = {stabilityai/stable-diffusion-xl-base-1.0},
	url = {https://huggingface.co/stabilityai/stable-diffusion-xl-base-1.0},
	year = {2023},
	note = {[Accessed 01-07-2023]},
}

@online{
    StabilityAIstablediffusionXLRefinerHugging,
	author = {StabilityAI},
	title = {stabilityai/stable-diffusion-xl-refiner-1.0},
	url = {https://huggingface.co/stabilityai/stable-diffusion-xl-refiner-1.0},
	year = {2023},
	note = {[Accessed 01-07-2023]},
}

@misc{
    tryolabsGuideFinetuning,
	author = {Bernuy Fernando and Etchebarne Guillermo},
	title = {The guide to fine-tuning Stable Diffusion with your own images.},
	url = {https://tryolabs.com/blog/2022/10/25/the-guide-to-fine-tuning-stable-diffusion-with-your-own-images},
	year = {2022},
}

@online{
    dreamboothGuideFinetuning,
	author = {Patil, Suraj and Cuenca, Pedro and Kozin, Valentine},
	title = {Training Stable Diffusion with Dreambooth using Diffusers},
	url = {https://huggingface.co/blog/dreambooth},
	year = {2022},
	note = {[Accessed 01-07-2023]},
}

@online{
    loraGuideFinetuning,
	author = {Cuenca, Pedro and Sayak, Paul},
	title = {Using LoRA for Efficient Stable Diffusion Fine-Tuning},
	url = {https://huggingface.co/blog/lora},
	year = {2023},
	note = {[Accessed 01-07-2023]},
}

@inproceedings{ruiz2023dreambooth,
    author    = {Ruiz, Nataniel and Li, Yuanzhen and Jampani, Varun and Pritch, Yael and Rubinstein, Michael and Aberman, Kfir},
    title     = {DreamBooth: Fine Tuning Text-to-Image Diffusion Models for Subject-Driven Generation},
    booktitle = {Proceedings of the IEEE/CVF Conference on Computer Vision and Pattern Recognition (CVPR)},
    month     = {June},
    year      = {2023},
    pages     = {22500-22510}
}


@misc{ruiz2023hyperdreambooth,
  title={HyperDreamBooth: HyperNetworks for Fast Personalization of Text-to-Image Models},
  author={Nataniel Ruiz and Yuanzhen Li and Varun Jampani and Wei Wei and Tingbo Hou and Yael Pritch and Neal Wadhwa and Michael Rubinstein and Kfir Aberman},
  year={2023},
  eprint={2307.06949},
  archivePrefix={arXiv},
  primaryClass={cs.CV},
  url = {https://arxiv.org/abs/2307.06949},
}

@inproceedings{tewel2023keylocked,
      author = {Tewel, Yoad and Gal, Rinon and Chechik, Gal and Atzmon, Yuval},
      title = {Key-Locked Rank One Editing for Text-to-Image Personalization},
      year = {2023},
      booktitle = {ACM SIGGRAPH 2023 Conference Proceedings},
      location = {Los Angeles, CA, USA},
      series = {SIGGRAPH '23}
}

@misc{
    gpt4,
    title={GPT-4 Technical Report}, 
    author={OpenAI},
    year={2023},
    eprint={2303.08774},
    archivePrefix={arXiv},
    primaryClass={cs.CL},
    url = {https://arxiv.org/abs/2303.08774}
}

@online{
    gartnerMaverickResearch,
	author = {Gartner},
	title = {Maverick Research: Forget About Your Real Data — Synthetic Data Is the Future of AI},
	url = {https://www.gartner.com/en/documents/4002912},
	year = {2021},
}

@online{
    wsjFakeMake,
	author = {Sara Castellanos},
	title = {Fake It to Make It: Companies Beef Up AI Models With Synthetic Data},
	url = {https://www.wsj.com/articles/fake-it-to-make-it-companies-beef-up-ai-models-with-synthetic-data-11627032601},
	year = {2021},
}

@inproceedings{deng2009imagenet,
  author={Deng, Jia and Dong, Wei and Socher, Richard and Li, Li-Jia and Kai Li and Li Fei-Fei},
  booktitle={2009 IEEE Conference on Computer Vision and Pattern Recognition}, 
  title={ImageNet: A large-scale hierarchical image database}, 
  year={2009},
  volume={},
  number={},
  pages={248-255},
  doi={10.1109/CVPR.2009.5206848}}


@online{
    bard,
    title={An overview of Bard: an early experiment with generative AI},
    author={Manyika, James},
    url={https://ai.google/static/documents/google-about-bard.pdf},
    year={2023}
}

@inproceedings{efficientnet,
  title = 	 {{E}fficient{N}et: Rethinking Model Scaling for Convolutional Neural Networks},
  author =       {Tan, Mingxing and Le, Quoc},
  booktitle = 	 {Proceedings of the 36th International Conference on Machine Learning},
  pages = 	 {6105--6114},
  year = 	 {2019},
  editor = 	 {Chaudhuri, Kamalika and Salakhutdinov, Ruslan},
  volume = 	 {97},
  series = 	 {Proceedings of Machine Learning Research},
  month = 	 {09--15 Jun},
  publisher =    {PMLR},
  pdf = 	 {http://proceedings.mlr.press/v97/tan19a/tan19a.pdf},
  url = 	 {https://proceedings.mlr.press/v97/tan19a.html},
}


@misc{faiss,
      title={Billion-scale similarity search with GPUs}, 
      author={Jeff Johnson and Matthijs Douze and Hervé Jégou},
      year={2017},
      eprint={1702.08734},
      archivePrefix={arXiv},
      primaryClass={cs.CV},
      url = {https://arxiv.org/abs/1702.08734},
}


@inproceedings{clip,
  title = 	 {Learning Transferable Visual Models From Natural Language Supervision},
  author =       {Radford, Alec and Kim, Jong Wook and Hallacy, Chris and Ramesh, Aditya and Goh, Gabriel and Agarwal, Sandhini and Sastry, Girish and Askell, Amanda and Mishkin, Pamela and Clark, Jack and Krueger, Gretchen and Sutskever, Ilya},
  booktitle = 	 {Proceedings of the 38th International Conference on Machine Learning},
  pages = 	 {8748--8763},
  year = 	 {2021},
  editor = 	 {Meila, Marina and Zhang, Tong},
  volume = 	 {139},
  series = 	 {Proceedings of Machine Learning Research},
  month = 	 {18--24 Jul},
  publisher =    {PMLR},
  pdf = 	 {http://proceedings.mlr.press/v139/radford21a/radford21a.pdf},
  url = 	 {https://proceedings.mlr.press/v139/radford21a.html}
}

@inproceedings{genecis,
        title={GeneCIS: A Benchmark for General Conditional Image Similarity},
        author={Sagar Vaze and Nicolas Carion and Ishan Misra},
        booktitle={CVPR},
        year={2023}
        }


@article{augmentation_techniques,
    title = {A Comprehensive Survey of Image Augmentation Techniques for Deep Learning},
    journal = {Pattern Recognition},
    volume = {137},
    pages = {109347},
    year = {2023},
    issn = {0031-3203},
    doi = {https://doi.org/10.1016/j.patcog.2023.109347},
    url = {https://www.sciencedirect.com/science/article/pii/S0031320323000481},
    author = {Mingle Xu and Sook Yoon and Alvaro Fuentes and Dong Sun Park},
    keywords = {Image augmentation, Deep learning, Image variation, Vicinity distribution, Data augmentation, Computer vision}
}

@inproceedings{
    textual_inversion,
    title={An Image is Worth One Word: Personalizing Text-to-Image Generation using Textual Inversion},
    author={Rinon Gal and Yuval Alaluf and Yuval Atzmon and Or Patashnik and Amit Haim Bermano and Gal Chechik and Daniel Cohen-or},
    booktitle={The Eleventh International Conference on Learning Representations },
    year={2023},
    url={https://openreview.net/forum?id=NAQvF08TcyG}
}

@misc{von-platen-etal-2022-diffusers,
  author = {Patrick von Platen and Suraj Patil and Anton Lozhkov and Pedro Cuenca and Nathan Lambert and Kashif Rasul and Mishig Davaadorj and Thomas Wolf},
  title = {Diffusers: State-of-the-art diffusion models},
  year = {2022},
  publisher = {GitHub},
  journal = {GitHub repository},
  howpublished = {\url{https://github.com/huggingface/diffusers}}
}

@misc{monai,
      title={Generative AI for Medical Imaging: extending the MONAI Framework}, 
      author={Walter H. L. Pinaya and Mark S. Graham and Eric Kerfoot and Petru-Daniel Tudosiu and Jessica Dafflon and Virginia Fernandez and Pedro Sanchez and Julia Wolleb and Pedro F. da Costa and Ashay Patel and Hyungjin Chung and Can Zhao and Wei Peng and Zelong Liu and Xueyan Mei and Oeslle Lucena and Jong Chul Ye and Sotirios A. Tsaftaris and Prerna Dogra and Andrew Feng and Marc Modat and Parashkev Nachev and Sebastien Ourselin and M. Jorge Cardoso},
      year={2023},
      eprint={2307.15208},
      archivePrefix={arXiv},
      primaryClass={eess.IV}
}

@misc{cm3leon,
      title={Scaling Autoregressive Multi-Modal Models:
Pretraining and Instruction Tuning}, 
      author={Yu, Lili and
    Shi, Bowen and
    Aghajanyan, Armen},
      year = {2023},
      publisher = {Meta AI},
      journal = {Meta AI publications},
      howpublished = {\url{https://ai.meta.com/research/publications/scaling-autoregressive-multi-modal-models-pretraining-and-instruction-tuning/}}
}

@misc{sdxl,
      title={{SDXL}: Improving Latent Diffusion Models for High-Resolution Image Synthesis}, 
      author={Dustin Podell and Zion English and Kyle Lacey and Andreas Blattmann and Tim Dockhorn and Jonas Müller and Joe Penna and Robin Rombach},
      year={2023},
      eprint={2307.01952},
      archivePrefix={arXiv},
      primaryClass={cs.CV},
      url = {https://arxiv.org/abs/2307.01952},
}

@inproceedings{unet,
    author="Ronneberger, Olaf
    and Fischer, Philipp
    and Brox, Thomas",
    editor="Navab, Nassir
    and Hornegger, Joachim
    and Wells, William M.
    and Frangi, Alejandro F.",
    title="U-Net: Convolutional Networks for Biomedical Image Segmentation",
    booktitle="Medical Image Computing and Computer-Assisted Intervention -- MICCAI 2015",
    year="2015",
    publisher="Springer International Publishing",
    address="Cham",
    pages="234--241",
    isbn="978-3-319-24574-4"
    }

@inproceedings{DDPM,
 author = {Ho, Jonathan and Jain, Ajay and Abbeel, Pieter},
 booktitle = {Advances in Neural Information Processing Systems},
 editor = {H. Larochelle and M. Ranzato and R. Hadsell and M.F. Balcan and H. Lin},
 pages = {6840--6851},
 publisher = {Curran Associates, Inc.},
 title = {Denoising Diffusion Probabilistic Models},
 url = {https://proceedings.neurips.cc/paper_files/paper/2020/file/4c5bcfec8584af0d967f1ab10179ca4b-Paper.pdf},
 volume = {33},
 year = {2020}
}

@article{deeplearning,
  title={Deep learning},
  author={LeCun, Yann and Bengio, Yoshua and Hinton, Geoffrey},
  journal={Nature},
  volume={521},
  number={7553},
  pages={436--444},
  year={2015},
  month={May},
  day={28},
  doi={10.1038/nature14539},
  PMID={26017442}
}

@online{cloudgpusCloudGPUs,
	title = {Cloud GPUs},
	howpublished = {\url{https://cloud-gpus.com}},
	note = {[Accessed 01-09-2023]},
}

@misc{perez,
      title={The Effectiveness of Data Augmentation in Image Classification using Deep Learning}, 
      author={Luis Perez and Jason Wang},
      year={2017},
      eprint={1712.04621},
      archivePrefix={arXiv},
      primaryClass={cs.CV}
}

@online{GenerativeModel,
	author = {Andrej Karpathy and Pieter Abbeel and Greg Brockman and Peter Chen and Vicki Cheung and Yan Duan and Ian Goodfellow and Durk Kingma and Jonathan Ho and Rein Houthooft and Tim Salimans and John Schulman and Ilya Sutskever and Wojciech Zaremba},
	title = {Generative models},
	howpublished = {\url{https://openai.com/research/generative-models}},
	year = {2016},
	note = {[Accessed 01-09-2023]},
}

@article{RDopportunities,
  author    = {Decherchi, Sergio and Pedrini, Elena and Mordenti, Marina and Cavalli, Andrea and Sangiorgi, Luca},
  title     = {Opportunities and Challenges for Machine Learning in Rare Diseases},
  journal   = {Frontiers in Medicine},
  volume    = {8},
  year      = {2021},
  url       = {https://www.frontiersin.org/articles/10.3389/fmed.2021.747612},
  doi       = {10.3389/fmed.2021.747612},
  issn      = {2296-858X},
}